@string{AA = "Amino Acid"} 
@string{ABB = "Arch.\ Biochem.\ Biophys."}
@string{AC = "Acta~Cryst."}
@string{AAC = "Antimicrob.\ Agents Chemother."}
@string{ACA = "Acta~Cryst.~A"}
@string{ACB = "Acta~Cryst.~B"}
@string{ACC = "Acta~Cryst.~C"}
@string{ACD = "Acta~Cryst.~D"}
@string{ACIEE = "Angew.\ Chem.\ Int.\ Ed.\ Engl."}
@string{ACMCS = "{ACM} Comp.\ Surv."}
@string{ACMTG = "{ACM} Trans.\ Graph."}
@string{ACP = "Adv.\ Chem.\ Phys."}
@string{ACR = "Acc.\ Chem.\ Res."}
@string{ACSA = "{ACS} Appl.\ Mater.\ and Interfaces"}
@string{ACSCB = "{ACS} Chem.\ Biol."}
@string{ACSCN = "{ACS} Chem.\ Neurosci."}
@string{ACSN = "{ACS} Nano"}
@string{AdP = "Adv.\ Phys."}
@string{AD = "Anti-Cancer Drugs"}
@string{ADB = "Adv. Biophys."}
@string{ADDR = "Adv.\ Drug Delivery Rev."}
@string{AdFM = "Adv.\ Funct.\ Mater."}
@string{AdM = "Adv.\ Mater."}
@string{AEM = "Appl.\ Environ.\ Microbiol."}
@string{AEPP = "Arch.\ Exp.\ Pathol.\ Pharmakol."}
@string{AG = "Adv.\ Gen."}
@string{AI = "Adv.\ Immunol."}
@string{AICHE = "{AIChE}\ J."}
@string{AIRS = "Adv.\ Infrared Raman Spect."}
@string{AJB = "Am.\ J.\ Bioeth."}
@string{AJBS = "Am.\ J.\ Biomed.\ Sci."}
@string{AJEBMS = "Austra.\ J.\ Exp.\ Biol.\ Med.\ Sci."}
@string{AJC = "Aus.\ J.\ Chem."}
@string{AJHG = "Am.\ J.\ Hum.\ Genet."}
@string{AJOP = "Am.\ J.\ Physiol."}
@string{AJOPCP = "Am.\ J.\ Physiol.\ -- Cell\ Physiol."}
@string{AJOPEM = "Am.\ J.\ Physiol.\ -- Endoc.\ M."}
@string{AJOPRP = "Am.\ J.\ Physiol.\ -- Ren.\ Physiol."}
@string{AJP = "Am.\ J.\ Phys."}
@string{AJPY = "Am.\ J.\ Physiol."}
@string{AM = "Am.\ Mineral."}
@string{AMR = "Appl.\ Magn.\ Reson."}
@string{AMDR = "Arch.\ Med.\ Res."}
@string{ANCA = "Analytica Chimica Acta"}
@string{ANCH = "Anal.\ Chem."}
@string{ANAN = "Anesth.\ Analg."}
@string{ANM = "Ann.\ Numer.\ Math."}
@string{ANMD = "Ann.\ Med."}
@string{ANNR = "Ann.\ Neurol."}
@string{ANYAS = "Ann.~ N.~ Y.~ Acad.~ Sci."}
@string{AO = "Appl.\ Optics"}
@string{APA = "Appl.\ Phys.~A"}
@string{APB = "Arch.\ Phys.\ Biochem."}
@string{APC = "Adv.\ Prot.\ Chem."}
@string{APL = "Appl.\ Phys.\ Lett."}
@string{APT = "Adv.\ Psychiatr.\ Treat."}
@string{ARB = "Annu.\ Rev.\ Biochem."}
@string{ARBB = "Annu.\ Rev.\ Biophys.\ Bioeng."}
@string{ARBP = "Annu.\ Rev.\ Biophys."}
@string{ARBBC = "Annu.\ Rev.\ Biophys.\ Biophys.\ Chem."}
@string{ARBBS = "Annu.\ Rev.\ Biophys.\ Biomol.\ Struct."}
@string{ARBP = "Annu.\ Rev.\ Biophys."} 
@string{ARBPB = "Annu.\ Rev.\ Biophys.\ Bioengn."}
@string{ARCB = "Annu.\ Rev.\ Cell Biol."}
@string{ARCDB = "Annu.\ Rev.\ Cell.\ Dev.\ Biol."}
@string{ARCBE = "Annu.\ Rev.\ Chem.\ Biomol.\ Eng."}
@string{ARG = "Annu.\ Rev.\ Gen."}
@string{ARGHG = "Annu.\ Rev.\ Genomics Hum.\ Genet."}
@string{ARM = "Annu.\ Rev.\ Med."}
@string{ARMB = "Annu.\ Rev.\ Microbiol."}
@string{ARMR = "Annu.\ Rev.\ Mater.\ Res."}
@string{ARN = "Annu.\ Rev.\ Neurosci."}
@string{ARP = "Annu.\ Rev.\ Phys.\ Chem."}
@string{ARPH = "Annu.\ Rev.\ Physiol."}
@string{ARPPPMB = "Annu.\ Rev.\ Plant Physiol.\ Plant Mol.\ Biol."}
@string{ARPT =  "Annu.\ Rev.\ Pharm.\ Tox."}
@string{ARBE = "Annu.\ Rev.\ Biomed.\ Eng."}
@string{AS = "Appl.\ Spect."}
@string{ABCHBT = "Appl.\ Biochem.\ Biotech."}
@string{ASR = "Adv.\ Space\ Res."}
@string{ASS = "Appl.\ Surf.\ Sci."}
@string{ATVB = "Arter.\ Thromb.\ Vasc.\ Biol."}
@string{AT = "Antiviral.\ Ther."}
@string{AVCC = "Antiviral.\ Chem.\ Chemother."}
@string{BBA = "Biochim.\ Biophys.\ Acta"}
@string{BBAB = "Biochim.\ Biophys.\ Acta\ -- Bioener."}
@string{BBAM = "Biochim.\ Biophys.\ Acta\ Biomembr."}
@string{BBAPP = "Biochim.\ Biophys.\ Acta\ -- Proteins and Proteomics"}
@string{BBB = "Biosci.\ Biotechnol.\ Biochem."}
@string{BBG = "Ber.\ Bunsenges.\ Phys.\ Chem."}
@string{BBRC = "Biochem.\ Biophys.\ Res.\ Commun."}
@string{BC = "Biol.\ Cyber."}
@string{BCB = "Biochem.\ Cell Biol."}
@string{BCH = "Biochemistry"}
@string{BCHJ = "Biochem.~J."}
@string{BCHMBI = "Biochem.\ Mol.\ Biol.\ Int."}
@string{BCHS = "Biol.\ Chem.\ {H}oppe-{S}eyler"}
@string{BCWG = "Biol.\ Chem."}
@string{BCT = "Biochem.\ Soc.\ Trans."}
@string{BD = "Biology Direct"}
@string{BIOELM = "Bioelectromagnetics"}
@string{BIOELC = "Bioelectrochem. Bioenerg."}
@string{BE = "BioEssays"}
@string{BES = "Beh.\ Ecol.\ Sociobiol."}
@string{BIO = "Biophysics"}
@string{BIOCH = "Biochimie"}
@string{BIOI = "Bioinformation"}
@string{BIOINFO = "Bioinformatics"}
@string{BIOMAC = "Biomacromolecules"}
@string{BIOM = "Biomed.\ Microdev."}
@string{BIOOC = "Bioorg.\ Chem."}
@string{BIOOM = "Bioorg.\ Med.\ Chem."}
@string{BIOP = "Biochem.\ Pharmacol."}
@string{BIOT = "Biotechniques"}
@string{BIOTBF = "Biotechnol.\ Biofuels"}
@string{BIOTAD = "Biotech.\ Adv."}
@string{BJ = "Biophys.~J."}
@string{BL = "Blood"}
@string{BLTJ = "Bell Labs Tech.~J."}
@string{BM = "Biologicheskie Membrany"}
@string{BMB = "Bull.\ Math.\ Biol."}
@string{BMCB = "BMC Bioinform"}
@string{BMCE = "BMC EVOL BIOL"}
@string{BMCBIOL = "BMC Biology"}
@string{BMCG = "BMC Genomics"}
@string{BMCG = "BMC Plant Biol"}
@string{BMCS = "BMC\ Struct.\ Biol."}
@string{BMN = "Biomembr.\ Nutr."}
@string{BNMRA = "Biomol.\ NMR\ Assign."}
@string{BOC = "Biol.\ Cell"}
@string{BP = "Biopolymers"}
@string{BPB = "Biol.\ Pharm.\ Bull."}
@string{BPC = "Biophys.\ Chem."}
@string{BPS = "Biol.\ Psychiatry"}
@string{BR = "Biomed.\ Res."}
@string{BSM = "Biophys.\ Struct.\ Mechsm."}
@string{BSR = "Biosci.\ Rep."}
@string{BTBE = "Biotechnol.\ Bioeng."}
@string{BBIO = "Brief.\ Bioinform."}
@string{BJP = "Br.\ J.\ Pharmacol."}
@string{BMBU = "Br.\ Med.\ Bull."}
@string{CARBR = "Carbohydr.\ Res."}
@string{CAB = "Chem.\ Biol."}
@string{CACM = "Comm.\ {ACM}"}
@string{CAG = "Comp.\ and Graph."}
@string{CAR = "Carbon"}
@string{CAS = "Coll.\ Surf."}
@string{CASA = "Colloids Surfaces A: Physicochem.\ Eng.\ Aspects"}
@string{CB = "Curr.\ Biol."}
@string{CBC = "Comp. Biol. Chem."}
@string{CBDD = "Chem.\ Biol.\ Drug\ Des."}
@string{CBR = "Comp.\ Biomed.\ Res."}
@string{CBT = "Canc.\ Biol.\ Ther."}
@string{CC = "Cell\ Calcium"}
@string{ChCo = "Chem.\ Comm."}
@string{CCG = "Cytogen.\ Cell\ Gen."}
@string{CBPMIP = "Comp.\ Biochem.\ and Physiol.\ A\ Mol.\ Integr.\ Physiol."}
@string{CCR = "Coord.\ Chem.\ Rev."}
@string{CDA = "Chem.\ Des.\ Autom.\ News"}
@string{CDT = "Curr.\ Drug\ Targets"}
@string{CEE = "Comp.~$\&$ Elect.\ Engr."}
@string{CCE = "Comp.~$\&$ Chem.\ Engr."}
@string{CEL = "Cell"}
@string{CELL = "Cell"}
@string{CELR = "Cell\ Rep."}
@string{CEMC = "Cell\ Mot.~$\&$ Cytoskel."}
@string{CELLU = "Cellulose"}
@string{CES = "Chem.\ Eng.\ Sci."}
@string{CGF = "Comput.\ Graph.\ Forum"}
@string{CGEN = "Curr.\ Genomics"}
@string{CHB = "Chem.\ Biol."}
@string{CHBC = "ChemBioChem"}
@string{CHECOM = "Chem.\ Commun."}
@string{CHMCH = "ChemMedChem"}
@string{CHPC="{C}hem{P}hys{C}hem"}
@string{CHPL = "Chinese\ Phys.\ Lett."}
@string{CHROM = "Chromosome\ Res."}
@string{CIB = "Commun.~$\&$ Integr.\ Biol."}
@string{CIP = "Comp.\ in Phys."}
@string{CIR = "Circulation Res."}
@string{CJ = "Colloid\  J."}
@string{CJB = "Can.\ J.\ Biochem."}
@string{CLR = "Cell\ Res."}
@string{CMC = "Curr.\ Med.\ Chem."}
@string{CMLS = "Cell.\ Mol.\ Life\ Sci."}
@string{CMS = "Comp.\ Mat.\ Sci."}
@string{CNNR = "Curr.\ Neurol.\ Neurosci.\ Rep."}
@string{COB = "Curr.\ Opin.\ Biotech."}
@string{COCB = "Curr.\ Opin.\ Cell\ Biol."}
@string{COCHB = "Curr.\ Opin.\ Chem.\ Biol."}
@string{COCIS = "Curr.\ Opin.\ Coll.~\&~Interf.\ Sci."}
@string{CODDD = "Curr.\ Opin.\ Drug.\ Discovery\ Dev."}
@string{COH = "Curr.\ Opin.\ Hematol."}
@string{COM = "Curr.\ Opin.\ Microbiol."}
@string{COMP = "Comp."}
@string{COMPJ = "Computer Journal"}
@string{CON = "Curr.\ Opin.\ Neur."}
@string{CONB = "Curr.\ Opin.\ Neurobiol."}
@string{COGD = "Curr.\ Opin.\ Genet.\ Dev."}
@string{COPC = "Comput.\ Phys.\ Commun."}
@string{COSB = "Curr.\ Opin.\ Struct.\ Biol."}
@string{COV = "Curr.\ Opin.\ Virol."}
@string{CP = "Chem.\ Phys."}
@string{CPC = "Comput.\ Phys.\ Commun."}
@string{CTC= "Comput.\ Theor.\ Chem."}
@string{CPD = "Curr.\ Pharm.\ Des."}
@string{CPHC ="ChemPhysChem"}
@string{CPL = "Chem.\ Phys.\ Lett."}
@string{CPLI = "Chem.\ Phys.\ of Lipids"}
@string{CPPS = "Curr.\ Protein Pept.\ Sci."}
@string{CPR = "Comp.\ Phys.\ Rep."}
@string{CPT = "Clin.\ Pharmacol.\ Ther."}
@string{CR = "Chem.\ Rev."}
@string{CRB = "C.\ R.\ Biologies"}
@string{CRBMB = "Crit.\ Rev.\ Biochem.\ Mol.\ Biol."}
@string{CRES = "Cancer\ Res."}
@string{CROH = "Crit.~Rev.~Oncol.~Hemat."}
@string{CS = "Chemica Scripta"}
@string{CSD = "Comput.\ Sci.\ Discov."}
@string{CSCI = "Cancer Sci."}
@string{CSHPB ="Cold Spring Harbor Perspect.\ Biol."}
@string{CSP = "Current Separations"}
@string{CSE = "Comput.\ in Sci.\ and Eng."}
@string{CSV = "Chem.\ Soc.\ Rev."}
@string{CSMSPP = "Comp.\ Soft Matter: Synt.\ Polym. to Prot."}
@string{CSY = "Comp.\ Sys."}
@string{CT = "Cytotechnology"}
@string{CTB = "Comm. Theor. Biol."}
@string{CTMC = "Curr. Topics Med. Chem."}
@string{CTMI = "Curr.\ Top.\ Microbiol.\ Imm."}
@string{CTPS = "Comput.\ Theor.\ Polym.\ Sci."}
@string{CTR = "Cell Tissue Res."}
@string{CUG = "Cray User Group Conf."}
@string{CVR = "Cardiovasc.\ Res."}
@string{CW = "Computerwoche"}
@string{DC = "Distr.\ Comp."}
@string{DEVCEL = "Dev.\ Cell"}
@string{DDT = "Drug Discov.\ Today"}
@string{DRUGS = "Drugs"}
@string{DU = "Die Umschau"}
@string{EB = "Essays Biochem."}
@string{EBJ = "Eur.\ Biophys.~J."}
@string{EID = "Emerg. Infect. Dis."}
@string{EJB = "Eur.\ J.\ Biochem."}
@string{EJCB = "Eur.\ J.\ Cell Biol."}
@string{EJCN = "Eur.\ J.\ Clin.\ Nutr."}
@string{EJE = "Eur.\ J.\ Endocrinol."}
@string{EJP = "Eur.\ J.\ Physiol."}
@string{EJPS = "Eur.\ J.\ Pharm.\ Sci."}
@string{ELPH = "Electrophoresis"}
@string{EJSS = "Eur.\ Journ.\ Soil\ Sci."}
@string{ELIFE = "eLife"}
@string{EMBO = "{EMBO}~J."}
@string{EMBOR = "{EMBO}~Rep."}
@string{EMSA = "EMSA Bull."}
@string{EES = "Energy Environ.\ Sci."}
@string{EMT = "Enzyme Microb.\ Tech."}
@string{EER = "Exp.\ Eye\ Res."}
@string{EN = "Exp.\ Neurol."}
@string{ENDO = "Endocrinology"}
@string{EP = "Exp.\ Physiol."}
@string{EPJST = "Eur.\ Phys.\ J.\ Special Topics"}
@string{EPL = "Europhys.\ Lett."}
@string{EPJD = "Eur.\ Phys.\ J.\ D"}
@string{EODMT = "Expert Opin.\ Drug Metab.\ Toxicol."}
@string{EOTT = "Expert Opin.\ Ther.\ Targets"}
@string{EOED = "Expert Opin. Emerging Drugs"} 
@string{ER = "Endocrine\ Rev."}
@string{ERMM = "Exp. \ Rev.\ Mol. \ Med."}
@string{ES = "Eng. \  Sci."}
@string{ESAIM = "ESAIM: Proc."}
@string{ESSR = "Exerc.\ Sport\ Sci.\ Rev."}
@string{EH = "Exp.\ Hematol."}
@string{FASEB = "{FASEB}~J."}
@string{FEBS = "{FEBS} Lett."}
@string{FEBSJ = "{FEBS}~J."}
@string{FEMS = "{FEMS} Microbiol.\ Lett."}
@string{FEMSR = "{FEMS} Microbiol.\ Rev."}
@string{FB = "Front.\ Biosci."}
@string{FBN = "Front.\ Behav.\ Neurosci."}
@string{FD = "Faraday Discuss."}
@string{FGCS = "Fut. Gen. Comp. Sys."}
@string{FP = "Front.\ Physiol."}
@string{FV = "Future Virol."}
@string{GAD = "Genes and Devel."}
@string{GB = "Gen.\ Biol."}
@string{GENE = "Gene"}
@string{GPB = "Gen.\ Physiol.\ Biophys."}
@string{GPRB = "Gen.\ Prot.\ Bioinf."}
@string{GR = "Gen.\ Res."}
@string{HA = "Haemophilia"}
@string{HEP = "Handb.\ Exp.\ Pharmacol."}
@string{HG = "Hum.\ Genet."}
@string{HGT = "Hum.\ Gene\ Ther."}
@string{HH = "Histol.\ Histopath."}
@string{HMG = "Hum.\ Mol.\ Gen."} 
@string{HOCNA = "Hematol.\ oncol.\ clin.\ north\ am."}
@string{HR = "Hum.\ Reprod."} 
@string{IEEECGA = "{IEEE}\ Comp.\ Graph.\ App."}
@string{IEEECSE = "{IEEE}\ Comp.\ Sci.\ Eng."}
@string{IEEEM = "{IEEE}\ Micro"}
@string{IEEENB="{IEEE}\ Trans.\ Nanobiosci."}
@string{IEEENN = "{IEEE}\ Trans.\ Neur.\ Netw."}
@string{IEEENT = "{IEEE}\ Nanotech."}
@string{IEEENT2 = "{IEEE} Trans.\ Nanotech."}
@string{IEEEPDS = "{IEEE}\ Trans.\ Parallel Distrib.\ Systems"}
@string{IEEESMC = "{IEEE}\ Trans.\ Sys., Man, Cybern."}
@string{IEICECCS = "{IEICE}\ Trans.\ Fund.\ Electr.\ Comm.\ Comp.\ Sci."}
@string{IC = "Inorg.\ Chem."}
@string{IECR = "Ind.\ Eng.\ Chem.\ Res."}
@string{II = "Infect.\ Immun."}
@string{IJP = "Int.\ J.\ Pharm."}
@string{IJBB = "Indian\ J.\ Biochem.\ Biophys."}
@string{IJBCB = "Int.\ J.\ Biochem.\ Cell Biol."}
@string{IJC = "Israel\ J.\ Chem."}
@string{IJE = "Int.\ J.\ Endocrinol."}
@string{IJMPE = "Int.\ J.\ Mod.\ Phys.\ E"}
@string{IJRB="Int.\ J.\ Radiat.\ Biol."}
@string{IJRD = "IBM\ J.\ Res.\ Dev."}
@string{IJSS = "Int.\ J.\ Sol.\ Struct."}
@string{ISJC = "Israel\ J.\ Chem."}
@string{IJHE = "Int. J. Hydr. Ener."}
@string{IJQC = "Int.\ J.\ Quantum Chem."}
@string{IJQCS = "Int.\ J.\ Quantum Chem.\ Suppl."}
@string{IL = "Immunol.\ Lett."}
@string{IN = "Informatikberichte"}
@string{INJC = "Indian J.\ Chem."}
@string{IR="Immunol.\ Rev."}
@string{IRC = "Int.\ Rev.\ Cytol."}
@string{IUBMBL = "IUBMB Life"}
@string{JAAA = "J.\ Amer.\ Aging\ Assoc."}
@string{JJP = "Jpn. J. Physiol."}
@string{JABB = "J.~Appl.\ Biomat.\ Biomech."}
@string{JAC = "J.~Appl.\ Cryst."}
@string{JAP = "J.~ Appl.\ Physiol."}
@string{JAPP = "J.~Appl.\ Prob."}
@string{JAPS="J.~ Appl.\ Phys."}
@string{JAM="J.~ Appl.\ Microbiol."}
@string{JACS = "J.~Am.\ Chem.\ Soc."}
@string{JACES = "J.~Am.\ Ceram.\ Soc."}
@string{JASN = "J.\ Am.\ Soc.\ Nephr."}
@string{JB = "J.~Biochem."}
@string{JBAC = "J.~Bacteriol."}
@string{JBB = "J.~Bioenerg.\ Biomembr."}
@string{JBBC = "J.~ Biophys.\ Biochem.\ Cytol."}
@string{JBC = "J.~Biol.\ Chem."}
@string{JBCB = "J.~Bioinformatics Comput.\ Biol."}
@string{JBIC = "J.~Biol.\ Inorg.\ Chem."}
@string{JBM= "J.~Biomech."}
@string{JBMS= "J.~Biomat.\ Sci."}
@string{JBNMR = "J.~Biomol.\ {NMR}"}
@string{JBSD = "J.~Biomol.\ Struct.\ Dyn." }
@string{JBS = "J.~Biosci." }
@string{JCAMD = "J.~Comp.-Aided\ Mol.\ Design"}
@string{JCAMAD = "J.~Comp.-Aided\ Mat.\ Design"}
@string{JCB = "J.~Cell\ Biol."}
@string{JCBC = "J.~Cell.\ Biochem."}
@string{JCBFM = "J.~Cereb.\ Blood Flow Metab."}
@string{JCC = "J.~Comp.\ Chem."}
@string{JCE = "J.~Comp.\ Electron."}
@string{JCED = " J.~Chem.\ Eng.\ Data"}
@string{JCF = "J.~Cyst.\ Fibros."}
@string{JCH="J.~Chromatogr."}
@string{JCHA="J.~Chromatogr.\ A"}
@string{JCHB="J.~Chromatogr.\ B"}
@string{JCI = "J.~Clin.\ Invest."}
@string{JCICS = "J.~Chem.\ Inf.\ Comput.\ Sci."}
@string{JCIM = "J.~Chem.\ Inf.\ Model."}
@string{JCIS = "J.~Coll.\ Interf.\ Sci."}
@string{JCMB = "J.~Comput.\ Biol."}
@string{JCMP = "J.~Comp.\ Phys."}
@string{JCN = "J.~Comparat.\ Neurol."}
@string{JCP = "J.~Chem.\ Phys."}
@string{JCPH = "J.~Cell.\ Phys."}
@string{JCS = "J.~Chem.\ Soc."}
@string{JCSC = "J.~Cell\ Sci."}
@string{JCSFT = "J.~Chem.\ Soc.\ -- Faraday\ Trans.\ 1"}
@string{JCSPT2 = "J.~Chem.\ Soc.\ -- Perkin\ Trans.\ 2"}
@string{JCTC = "J.~Chem.\ Theor.\ Comp."}
@string{JCTN = "J.~Comput.\ Theor.\ Nanosci."}
@string{JEB = "J.~Exp.\ Biol."}
@string{JECS = "J.~Electrochem.\ Soc."}
@string{JEMS = "J.~Electron Microsc."}
@string{JEM = "J.~Exp.\ Med."}
@string{JETP = "J.\ Exp.\ Theor.\ Phys."}
@string{JF = "J.~Fluoresc."}
@string{JFM = "J.~Fluid Mech."}
@string{JGM = "J.~Gen.\ Microbiol."}
@string{JGP = "J.~Gen.\ Physiol."}
@string{JGV = "J.~Gen.\ Virol."}
@string{JH = "J.~Hepatol."}
@string{JI = "J.~Immunol."}
@string{JIB = "J.~Inorg.\ Biochem."}
@string{JIM = "J.~Int. \ Med."}
@string{JKPS = "J.~Korean Phys.\ Soc."}
@string{JL = "J.~Luminesc."}
@string{JLMCS = "J.~Lipid\ Med.\ Cell\ Sign."}
@string{JLR = "J.~Lipid\ Res."}
@string{JLSR = "J.~Liposome Res."}
@string{JM = "J.~Microsc."}
@string{JMT = "J.~Mater.~Chem"}
@string{JMB = "J.~Mol.\ Biol."}
@string{JMBE = "J.~Mol.\ Biol.\ Evol."}
@string{JMC = "J.~Med.\ Chem."}
@string{JMCC = "J.~Mol.\ Cell Cardiol."}
@string{JMCH = "J.~Mater.\ Chem."}
@string{JMCAT = "J.~Mol.\ Catal."}
@string{JME = "J.~Mol.\ Evol."}
@string{JMEB = "J.~Membr.\ Biol."}
@string{JMG = "J.~Mol.\ Graphics"}
@string{JMGM = "J.~Mol.\ Graph.\ Model."}
@string{JMIS = "J.~Manag.\ Inf.\ Sys."}
@string{JML = "J.~Mol.\ Liq."}
@string{JMMB = "J.~Mol.\ Microbiol.\ Biotech."}
@string{JMME = "J.~Mol.\ Med."}
@string{JMM = "J.~Mol.\ Mod."}
@string{JMMM = "J.\ Magn.\ Magn.\ Mat."}
@string{JMP = "J.~Math.\ Phys."}
@string{JMPS = "J.~Mech.\ Phys.\ Sol."}
@string{JMPT = "J.\ Mat.\ Proc.\ Tech."}
@string{JMR = "J.~Magn.\ Reson."}
@string{JMRB = "J.~Magn.\ Reson.\ Series~B"}
@string{JMRE = "J.~Mol.\ Recognit."}
@string{JMRCM = "J.~Muscle Res.\ Cell\ Mot."}
@string{JMS = "J.~Mol.\ Struc."}
@string{JMV = "J.~Med.\ Virol."}
@string{JN = "J.~Neurosci."}
@string{JNC = "J.~Neurochem."}
@string{JNCS = "J.~Non-Cryst.\ Solids"}
@string{JNIH = "J.~NIH\ Res."}
@string{JNL = "J.~Neurol."}
@string{JNN = "J.\ Nanosci.\ Nanotech."}
@string{JNMRS = "J.~Nuc.\ Mag.\ Res.\ Spectr."}
@string{JNT = "J.~Nutr."}
@string{JNTR = "J.~Neural.\ Transm."}
@string{JO = "J.\ Ornothol."}
@string{JOCS = "J.~Cell\ Sci."}
@string{JOSAA = "J.~Opt.\ Soc.\ Am.\~A"}
@string{JP = "J.\ Physiol."}
@string{JPARK = "J.~Park.\ Dis."}
@string{JPA = "J.~Phys.\ A"}
@string{JPAP = "J.~Pharm.\ Pharmacol."}
@string{JPB = "J.\ Phys.\ B: At.\ Mol.\ Opt.\ Phys."}
@string{JPC = "J.~Phys.\ Chem."}
@string{JPD = "J.~Phys.\ D:\ Appl.\ Phys."}
@string{JPCA = "J.~Phys.\ Chem.~A"}
@string{JPCB = "J.~Phys.\ Chem.~B"}
@string{JPCC = "J.~Phys.\ Chem.~C"}
@string{JPCL = "J.~Phys.\ Chem.\ Lett."}
@string{JPCM = "J.~Phys.:\ Condens.\ Matter"}
@string{JPCP = "J.~Paral.\ Comp."}
@string{JPDC = "J.~Paral.\ Distr.\ Comp."}
@string{JPET = "J.~Pharmacol.~Exp.~Ther."}
@string{JPF = "J.~Phys.~{II}"}
@string{JPOC = "J.~Phys.\ Org.\ Chem."}
@string{JPP = "J.~Photochem.\ Photobiol."}
@string{JPPA = "J.~Photochem.\ Photobiol.~A"}
@string{JPPB = "J.~Photochem.\ Photobiol.~B"}
@string{JPR = "J.\ Pept.\ Res."}
@string{JPROTEOMER = "J.\ Proteome Res."}
@string{JPS = "J.\ Pharmaceut.\ Sci."}
@string{JPSB = "J.\ Polym.\ Sci.~B"}
@string{JPSJ = "J.\ Phys.\ Soc.\ Jpn."}
@string{JPHS = "J.\ Pharmaceut.\ Sci."}
@string{JRSI = "J.~R.\ Soc.\ Interface"}
@string{JSB = "J.~Struct.\ Biol."}
@string{JSBMB = "J.~Steroid Biochem.\ Mol.\ Biol."}
@string{JSC = "J.~Solut.\ Chem."}
@string{JSCA = "Int.\ J.\ Supercomp.\ Appl.\ High\ Perform.\ Comp."}
@string{JSP = "J.~Stat.\ Phys."}
@string{JSS = "J.~Supramol.\ Struct."}
@string{JTB = "J.~Theor.\ Biol."}
@string{JTH = "J~Thromb.\ Haem."}
@string{JVSTA = "J.~Vac.\ Sci. Technol. A"}
@string{JVI = "J.~Virol."}
@string{JXB = "J.~Exp.\ Bot."}
@string{KI = "Kidney Int."}
@string{KhPh = "Khimicheskaya Fizika (Chemical Physics)"}
@string{LA = "Lancet"}
@string{LO = "Lancet Oncol."}
@string{LC = "Lab Chip"}
@string{LM = "Langmuir"}
@string{LNCS = "Lect.\ Notes\ in\ Comp.\ Sci."}
@string{LF = "Life"}
@string{LI = "Lab.\ Invest."}
@string{LOC = "Lab Chip"}
@string{M = "Methods"}
@string{MA = "Macromolecules"}
@string{MAM = "Mol.\ Aspects\ Med."}
@string{MTS = "Macromol. Theo.~and\ Sim."}
@string{MBS = "Mol.\ BioSys."}
@string{MB = "Mol.\ Biotech."}
@string{MBE = "Mol.\ Biol.\ Evol."}
@string{MBM = "Mol.\ Biomol.\ Electronics"}
@string{MC = "Mol.\ Cell"}
@string{MBC = "Mol.\ Biol.\ Cell"}
@string{MCB = "Mol.\ Cell.\ Biol."}
@string{MCLC = "Mol.\ Cryst.\ Liq.\ Cryst."}
@string{MCM = "{MC-Computer\-magazin}"}
@string{MCP = "Mol.\ Cell Proteomics"}
@string{MCT = "Mol.\ Cancer\ Ther."}
@string{MCTS = "Makromol.\ Chemie\ Theory~and\ Sim."}
@string{ME = "Meth.\ Enzym."}
@string{MEC = "Mol.\ Endocr."}
@string{MEMB = "Methods Mol.\ Biol."}
@string{MENG = "Mol.\ Engn."}
@string{MIC = "Micron"}
@string{ML = "Mat.\ Lett."}
@string{MM = "Microproc.\ Microprog."}
@string{MMBB = "Mol.\ Membr.\ Biol."}
@string{MMBR = "Microbiol.\ Mol.\ Biol.\ Rev."}
@string{MMMB = "Mol.\ Memb.\ Biol."}
@string{MMI = "Med.\ Microbiol.\ Immun."}
@string{MMS = "Multiscale Model.\ Simul."}
@string{MMWR = "Morbidity and Mortality Weekly Report"}
@string{MN = "Microfluid.\ Nanofluid."}
@string{MNEU = "Mol.~Neurobiol."}
@string{MP = "Mol.\ Phys."}
@string{MLPH = "Mol.\ Pharmacol."}
@string{MRB = "MRS-Bulletin"}
@string{MRI = "Magn.\ Res.\ Imaging"}
@string{MRM = "Magn.\ Res.\ Med."}
@string{MRQ = "Magn.\ Res.\ Quart."}
@string{MS = "Mol.\ Sim."}
@string{MMB = "Mol.\ Microbiol."}
@string{MSB = "Mol.\ Sys.\ Biol."}
@string{MSEB = "Mater.\ Sci.\ ~$\&$ Eng.\ {B}"}
@string{MSEC = "Mater.\ Sci.\ ~$\&$ Eng.\ {C}"}
@string{MR = "Microbiol.\ Rev."}
@string{NANO = "Nanotechnology"}
@string{NANM = "Nanomedicine"}
@string{NAR = "Nucleic Acids Res."}
@string{NAT = "Nature"}
@string{NATBT = "Nat.\ Biotechnol."}
@string{NATCB = "Nat.\ Cell Biol."}
@string{NATCHB = "Nat.\ Chem.\ Biol."}
@string{NATCH = "Nat.\ Chemistry"}
@string{NATCOM = "Nat.\ Commun."}
@string{NATG = "Nat.\ Genet."}
@string{NATI = "Nat.\ Immunol."}
@string{NATM = "Nat.\ Mater."}
@string{NATMET = "Nat.\ Methods"}
@string{NATNS = "Nature Neurosci."}
@string{NATNB = "Nature New Biol."}
@string{NATNT = "Nature Nanotech."}
@string{NATO = "Nature Oncogene"}
@string{NATOA = "{NATO} Sci.\ Ser.~{A}"}
@string{NATOB = "{NATO} Sci.\ Ser.~{B}"}
@string{NATOF = "{NATO} Sci.\ Ser.~{F}"}
@string{NATPH = "Nature Phys."}
@string{NATPR = "Nat.\ Prod.\ Rep."}
@string{NATPRT = "Nat.\ Protocols"}
@string{NATRDD = "Nat.\ Rev.\ Drug Disc."}
@string{NATRG = "Nat.\ Rev.\ Genetics."} 
@string{NEJM = "N.\ Engl.\ J.\ Med."}
@string{NRC = "Nat.\ Rev.\ Cancer"}
@string{NRG = "Nat.\ Rev.\ Genet."}
@string{NARRDD = "Nat.\ Rev.\ Drug Discov."}
@string{NATRM = "Nat.\ Rev.\ Microbiol."}
@string{NATRMCB = "Nat.\ Rev.\ Mol.\ Cell Biol."}
@string{NATSB = "Nat.\ Struct.\ Biol."}
@string{NATSMB = "Nat.\ Struct.\ Mol.\ Biol."}
@string{NB = "New Biol."}
@string{NJC = "New J. Chem."}
@string{NJP = "New J. Phys."}
@string{NC = "Neur.\ Comp."}
@string{NCPC = "Nat.\ Clin.\ Prac.\ Cardio."}
@string{NEUR = "Neuron"}
@string{NEUP = "Neuropharm."}
@string{NIPS = "News Physio.\ Sci."}
@string{NIMPR = "Nucl.\ Instr.\ Meth.\ Phys.\ Res.\ B"}
@string{NL= "Nano Lett."}
@string{NMF = "Num.\ Methods\ Fluids"}
@string{NN = "Neur.\ Netw.~for Comp."}
@string{NNET = "Neur.\ Netw."}
@string{NPAN = "Neurpath. \ ~$\&$ Appl.\ Neurobiol."}
@string{NPB = "Nuc. Phys.~B"}
@string{NR = "Nippon\ Rinsho"}
@string{NS = "Nanoscale"}
@string{NSAP = "Naunyn-Schmiedeberg's \ Arch. \ Pharmacol."}
@string{NURC = "Neurochem.\ Res."}
@string{OC = "Optics\ Comm."}
@string{OE = "Opt.\ Express"}
@string{OL = "Optics\ Lett."}
@string{PA = "Parall.\ Comp."}
@string{PAEJP = "Pflug.\ Arch.\ Eur.\ J.\ Physiol."}
@string{PAC = "Pure Appl.\ Chem"}
@string{PB = "Phys.\ Biol."}
@string{PBB = "Progr.\ Biochem.\ Biophys."}
@string{PBMB = "Prog.\ Biophys.\ Mol.\ Biol."}
@string{PCPS = "Prog.\ Colloid Polym.\ Sci."}
@string{PC = "Phys.\ Chem."}
@string{PCL = "Protein \& Cell"}
@string{PCCP = "Phys.\ Chem.\ Chem.\ Phys."}
@string{PCPB = "Photochem.~$\&$ Photobiol."}
@string{PE = "Protein Eng."}
@string{PEP = "Prot.\ Expr.\ Purif."}
@string{PHOR = "Photosyn.\ Res."}
@string{PHR = "Pharmacol.\ Rev."}
@string{PHY = "Physica"}
@string{PHYA = "Physica~A"}
@string{PHYB = "Physica~B"}
@string{PHYC = "Physica~C"}
@string{PHYD = "Physica~D"}
@string{PHYE = "Physica~E"}
@string{PHYS = "Physica Scripta"}
@string{PHYSIO = "Physiology"}
@string{PIEEE =  "Proc.\ {IEEE}"}
@string{PJ =  "Physik Journal"}
@string{PL = "Phys.\ Lett."}
@string{PLOSBIO = "PLoS Biol."}
@string{PLOSONE = "PLoS One"}
@string{PLOSCB = "PLoS Comput.\ Biol."}
@string{PLOSCI = "PLoS Currents: Influenza"}
@string{PLOSPATH = "PLoS Pathog."}
@string{PMB = "Plant\ Mol.\ Biol."}
@string{PMV = "Persp.\ Med.\ Vir."}
@string{PNAS = "Proc.\ Natl.\ Acad.\ Sci.\ USA"}
@string{PNT = "Pharmacol.\ Ther."}
@string{PPL = "Prot.\ Pept.\ Lett."}
@string{PPS = "Photochem.\ Photobiol.\ Sci."}
@string{PP = "Philos.\ Psych."}
@string{PR = "Phys.\ Rev."}
@string{PRA = "Phys.\ Rev.~A"}
@string{PRB = "Phys.\ Rev.~B"}
@string{PRE = "Phys.\ Rev.~E"}
@string{PREP = "Phys.\ Rep."}
@string{PRKM = "Progr.\ Reac.\ Kin.\ Mech."}
@string{PRL = "Phys.\ Rev.\ Lett."}
@string{PRSA = "Proc.\ R.\ Soc.\ A"}
@string{PRSB = "Proc.\ R.\ Soc.\ B"}
@string{PLGR = "Physiol.\ Rev."}
@string{POL = "Polymer"}
@string{PRO = "Proteins:\ Struct.,\ Func.,\ Gen."}
@string{PROT = "Proteins:\ Struct.,\ Func.,\ Bioinf."}
@string{PROTS = "Proteins"}
@string{PROTEO = "Proteomics"}
@string{PRSLA = "Proc.\ R.~Soc.\ Lond.~A.\ (Math.\ Phys.\ Sci.)"}
@string{PRSLB = "Proc.\ R.~Soc.\ Lond.~B.\ (Biol.\ Sci.)"}
@string{PSPIE = "Proc.\ SPIE"}
@string{PT = "Phys.\ Today"}
@string{PTRSLA = "Phil.\ Trans.\ R.~Soc.\ Lond.~A"}
@string{PTRSLB = "Phil.\ Trans.\ R.~Soc.\ Lond.~B"}
@string{PS = "Prot.\ Sci."}
@string{PSB = "Plant Signaling~$\&$ Behavior"}
@string{PSSA = "Physica Status Solidi {A}"}
@string{PSFG = "Proteins:\ Struct.,\ Func.,\ Gen."}
@string{PT = "Physics Today"}
@string{PTP = "Progr.\ Theoret.\ Phys."}
@string{QCPEB = "Quantum Chem.\ Prog.\ Exch.\ Bull."}
@string{QRB = "Quart.\ Rev.\ Biophys."}
@string{RM = "Res.\ Microbiol."}
@string{RCB = "Rev.\ Can.\ Biol."}
@string{RCC = "Rev.\ Comp.\ Chem."}
@string{RCR = "Rus.\ Chem.\ Rev."}
@string{RMP = "Rev.\ Mod.\ Phys."}
@string{RNA = "RNA"}
@string{RPP = "Rep.\ Progr.\ Phys."}
@string{RSI = "Rev.\ Sci.\ Instrum."}
@string{SA = "Sci.\ Am."}
@string{SR = "Sci.\ Rep."}
@string{SCAN = "Scanning"}
@string{SCI = "Science"}
@string{SCDB = "Semin.\ Cell\ Dev.\ Biol."}
@string{SIAM = "SIAM\ J.\ Sci.\ Stat.\ Comput."}
@string{SIN = "Semin.\ Nephr."}
@string{SISC = "SIAM\ J.\ Sci.\ Comput."}
@string{SM = "Soft\ Mat."}
@string{SMALL = "Small"}
@string{SMRM = "Soc.\ Magn.\ Res. Med."}
@string{SPP = "Sci.\ Pract.\ Perspect."}
@string{SS = "Surf.\ Sci."}
@string{SSC = "Solid\ State\ Comm."}
@string{SSI = "Solid\ State\ Ionics"}
@string{SSRSD = "Sov.\ Sci.\ Rev.\ D.\ Physiochem.\ Biol."}
@string{STAM = "Sci.\ and Tech.\ of Adv.\ Mater."}
@string{STATSCI = "Stat.\ Sci."}
@string{STH = "Semin.\ Thromb.\ Hemost."}
@string{STM = "Sci.\ Transl.\ Med."}
@string{STR = "Structure"}
@string{SFD = "Structure Fold. Des."}
@string{SW = "Spektrum\ Wiss."}
@string{SYN = "Synapse"}
@string{TBAMM ="Theor. Biol. Medl. Model."}
@string{TBTC = "Trends\ Biotech."}
@string{TBS = "Trends\ Biochem. Sci."}
@string{TMM = "Trends\ Mol.\ Med."}
@string{TCA = "Theor.\ Chim.\ Acta"}
@string{TCB = "Trends\ Cell.\ Biol."}
@string{TCC = "Top.\ Curr.\ Chem."}
@string{TCM = "Trends\ Cardiovasc.\ Med."}
@string{TCSB = "Transac.\ Comp.\ Sys.\ Biol."}
@string{TCR = "Chem.\ Rec."}
@string{TEM = "Trends\ Endocr.\ Metab."}
@string{TG = "Trends\ Gen."}
@string{TRP = "Trends\ Pharmacol.\ Sci."}
@string{TCACC = "Theor.\ Chem.\ Acc."}
@string{TH = "Thromb.\ Haemost."}
@string{TI = "Trends\ Immunol."}
@string{TIBS = "Trends\ Biochem.\ Sci."}
@string{TR = "Thromb.\ Res."}
@string{TMB = "Trends\ Microbiol."}
@string{TMC = "Top.\ Med.\ Chem."}
@string{TPDS = "IEEE\ Trans.\ Parallel\ Distrib.\ Syst."}
@string{TRN = "Trends\ in\ Neurosciences"}
@string{TSF = "Thin Solid Films"}
@string{UM = "Ultramicroscopy"}
@string{VIR = "Virology"}
@string{VAC = "Vaccine"}
@string{VR = "Virus\ Res."}
@string{WIRCMS = "Wiley Interdiscip.\ Rev.:\ Comput.\ Mol.\ Sci."}
@string{XB = "Xenobiotica"}
@string{YJBM = "Yale J.\ Biol.\ Med."}
@string{ZP = "Z.~Physik"}
@string{ZPA = "Z.~Physik A"}
@string{ZPB = "Z.~Physik B"}
@string{ZPC = "Z.~Phys.\ Chem."}
@string{ZPK = "Z.~Kristallogr."}
@string{WER = "Wkly Epidemiol Rec"}
@string{WIRECMS = "WIREs Comput.\ Mol.\ Sci."}
